<marcxml:record xmlns:marcxml="http://www.loc.gov/MARC21/slim" xmlns:idx="info:lc/xq-modules/lcindex" xmlns:madsrdf="http://www.loc.gov/mads/rdf/v1#" xmlns:ri="http://id.loc.gov/ontologies/RecordInfo#" xmlns:xlink="http://www.w3.org/1999/xlink" xmlns:rdf="http://www.w3.org/1999/02/22-rdf-syntax-ns#" xmlns:mets="http://www.loc.gov/METS/" xmlns:semtriples="http://marklogic.com/semantic" xmlns:xsi="http://www.w3.org/2001/XMLSchema-instance" xmlns:streams="info:lc/streams#">
            <marcxml:leader>00845cz  a2200205n  4500</marcxml:leader>
            <marcxml:controlfield tag="001">sh85050919</marcxml:controlfield>
            <marcxml:controlfield tag="003">DLC</marcxml:controlfield>
            <marcxml:controlfield tag="005">19931007150804.0</marcxml:controlfield>
            <marcxml:controlfield tag="008">860211i| anannbab|          |a ana |||  </marcxml:controlfield>
            <marcxml:datafield tag="010" ind1=" " ind2=" ">
              <marcxml:subfield code="a">sh 85050919 </marcxml:subfield>
            </marcxml:datafield>
            <marcxml:datafield tag="040" ind1=" " ind2=" ">
              <marcxml:subfield code="a">DLC</marcxml:subfield>
              <marcxml:subfield code="c">DLC</marcxml:subfield>
              <marcxml:subfield code="d">DLC</marcxml:subfield>
            </marcxml:datafield>
            <marcxml:datafield tag="053" ind1=" " ind2=" ">
              <marcxml:subfield code="a">UG400</marcxml:subfield>
              <marcxml:subfield code="b">UG442</marcxml:subfield>
            </marcxml:datafield>
            <marcxml:datafield tag="150" ind1=" " ind2="0">
              <marcxml:subfield code="a">Fortification</marcxml:subfield>
            </marcxml:datafield>
            <marcxml:datafield tag="360" ind1=" " ind2=" ">
              <marcxml:subfield code="i">subdivision</marcxml:subfield>
              <marcxml:subfield code="a">Defenses</marcxml:subfield>
              <marcxml:subfield code="i">under names of countries and names of individual forts</marcxml:subfield>
            </marcxml:datafield>
            <marcxml:datafield tag="450" ind1=" " ind2="0">
              <marcxml:subfield code="w">nne</marcxml:subfield>
              <marcxml:subfield code="a">Fortification, Primitive</marcxml:subfield>
            </marcxml:datafield>
            <marcxml:datafield tag="450" ind1=" " ind2="0">
              <marcxml:subfield code="a">Forts</marcxml:subfield>
            </marcxml:datafield>
            <marcxml:datafield tag="550" ind1=" " ind2="0">
              <marcxml:subfield code="w">g</marcxml:subfield>
              <marcxml:subfield code="a">Military engineering</marcxml:subfield>
            </marcxml:datafield>
            <marcxml:datafield tag="550" ind1=" " ind2="0">
              <marcxml:subfield code="a">Siege warfare</marcxml:subfield>
            </marcxml:datafield>
            <marcxml:datafield tag="680" ind1=" " ind2=" ">
              <marcxml:subfield code="i">Here are entered general works on forts and fortification, including earthwork fortifications. Works on earthwork in engineering operations are entered under</marcxml:subfield>
              <marcxml:subfield code="a">Earthwork.</marcxml:subfield>
              <marcxml:subfield code="i">Works on prehistoric and early earthwork remains are entered under</marcxml:subfield>
              <marcxml:subfield code="a">Earthworks (Archaeology).</marcxml:subfield>
            </marcxml:datafield>
            <marcxml:datafield tag="681" ind1=" " ind2=" ">
              <marcxml:subfield code="i">Notes under</marcxml:subfield>
              <marcxml:subfield code="a">Earthwork; Earthworks (Archaeology)</marcxml:subfield>
            </marcxml:datafield>
          </marcxml:record>
